%Dodal Tim
@article{word2vec,
  title={word2vec},
  author={Mikolov, Tomas and Chen, Kai and Corrado, Greg and Dean, Jeffrey and Sutskever, L and Zweig, G},
  journal={URL https://code. google. com/p/word2vec},
  year={2013}
}

@inproceedings{liang2013emm,
  title={An EMM-based Approach for Text Classification.},
  author={Liang, JG and Zhou, XF and Liu, P and Guo, L and Bai, S},
  booktitle={ITQM},
  pages={506--513},
  year={2013}
}




@article{DBLP:journals/corr/cs-CL-0108005,
  author    = {Joshua Goodman},
  title     = {A Bit of Progress in Language Modeling},
  journal   = {CoRR},
  volume    = {cs.CL/0108005v1},
  year      = {2001},
  url       = {http://arxiv.org/abs/cs.CL/0108005v1},
  timestamp = {Wed, 07 Jun 2017 14:40:38 +0200},
  biburl    = {https://dblp.org/rec/bib/journals/corr/cs-CL-0108005},
  bibsource = {dblp computer science bibliography, https://dblp.org}
}

@article{GOODMAN2001403,
title = "A bit of progress in language modeling",
journal = "Computer Speech \& Language",
volume = "15",
number = "4",
pages = "403-434",
year = "2001",
issn = "0885-2308",
doi = "10.1006/csla.2001.0174",
OPTurl = "http://www.sciencedirect.com/science/article/pii/S0885230801901743",
author = "Joshua T. Goodman"
}

@article{DBLP:journals/corr/cs-CL-9905001,
  author    = {Rebecca Hwa},
  title     = {Supervised Grammar Induction Using Training Data with Limited Constituent Information},
  journal   = {CoRR},
  volume    = {cs.CL/9905001},
  note = {Version 1},
  year      = {1999},
  url       = {http://arxiv.org/abs/cs.CL/9905001},
  timestamp = {Wed, 07 Jun 2017 14:41:01 +0200},
  biburl    = {https://dblp.org/rec/bib/journals/corr/cs-CL-9905001},
  bibsource = {dblp computer science bibliography, https://dblp.org}
}

@InProceedings{P99-1010,
  author =  "Hwa, Rebecca",
  title =   "Supervised Grammar Induction using Training Data with Limited Constituent Information",
  booktitle =   "Proceedings of the 37th Annual Meeting of the Association for Computational Linguistics",
  year =    "1999",
  url =     "http://www.aclweb.org/anthology/P99-1010"
}

@book{Jurafsky+Martin:2009a,
  author    = {Jurafsky, Daniel and Martin, James H.},
  title     = {Speech and Language Processing: An Introduction to Natural Language Processing, Computational Linguistics, and Speech Recognition},
  publisher = {Pearson Prentice Hall},
  year      = 2009,
  edition   = {Second}
}

@article{articleSpanish,
author = {Fern√°ndez Anta, Antonio and Morere, Philippe and Chiroque, Luis and Santos, A.},
year = {2013},
month = {03},
pages = {45-52},
title = {Sentiment analysis and topic detection of Spanish Tweets: A comparative study of NLP techniques},
volume = {50},
journal = {Procesamiento de Lenguaje Natural}
}

@inproceedings{article2,
  title={Recurrent convolutional neural networks for text classification},
  author={Lai, Siwei and Xu, Liheng and Liu, Kang and Zhao, Jun},
  booktitle={Twenty-ninth AAAI conference on artificial intelligence},
  year={2015}
}

@article{article3,
  author    = {Rie Johnson and
               Tong Zhang},
  title     = {Effective Use of Word Order for Text Categorization with Convolutional
               Neural Networks},
  journal   = {CoRR},
  volume    = {abs/1412.1058},
  year      = {2014},
  url       = {http://arxiv.org/abs/1412.1058},
  archivePrefix = {arXiv},
  eprint    = {1412.1058},
  timestamp = {Mon, 13 Aug 2018 16:48:27 +0200},
  biburl    = {https://dblp.org/rec/journals/corr/Johnson014.bib},
  bibsource = {dblp computer science bibliography, https://dblp.org}
}

 @misc{embeddings,
 title = {Word embeddings {CLARIN}.{SI}-embed.sl 1.0},
 author = {Ljube{\v s}i{\'c}, Nikola and Erjavec, Toma{\v z}},
 url = {http://hdl.handle.net/11356/1204},
 note = {Slovenian language resource repository {CLARIN}.{SI}},
 copyright = {Creative Commons - Attribution 4.0 International ({CC} {BY} 4.0)},
 year = {2018} }
